<record><leader>00000cas a2200000 a 4500</leader><controlfield tag="001">25101239</controlfield><controlfield tag="008">920113c19uu9999cau x n      s0    0eng c</controlfield><datafield ind1=" " ind2=" " tag="010"><subfield code="a">sn 92017007 </subfield></datafield><datafield ind1=" " ind2=" " tag="040"><subfield code="a">CLU</subfield><subfield code="b">eng</subfield><subfield code="c">CLU</subfield><subfield code="d">OCLCQ</subfield><subfield code="d">OCLCF</subfield><subfield code="d">OCLCO</subfield><subfield code="d">OCLCQ</subfield><subfield code="d">OCLCA</subfield></datafield><datafield ind1=" " ind2=" " tag="012"><subfield code="i">9201</subfield></datafield><datafield ind1=" " ind2=" " tag="042"><subfield code="a">pcc</subfield></datafield><datafield ind1=" " ind2=" " tag="043"><subfield code="a">n-us---</subfield></datafield><datafield ind1="1" ind2="4" tag="050"><subfield code="a">LH1.C3</subfield><subfield code="b">H33</subfield></datafield><datafield ind1=" " ind2=" " tag="096"><subfield code="a">015000742</subfield></datafield><datafield ind1="0" ind2="3" tag="245"><subfield code="a">Ha'Am :</subfield><subfield code="b">UCLA's Jewish newsmagazine.</subfield></datafield><datafield ind1="3" ind2="0" tag="246"><subfield code="a">Ha'Am</subfield></datafield><datafield ind1=" " ind2=" " tag="260"><subfield code="a">Los Angeles, CA :</subfield><subfield code="b">ASUCLA Communications Board</subfield></datafield><datafield ind1=" " ind2=" " tag="300"><subfield code="a">v. :</subfield><subfield code="b">ill. ;</subfield><subfield code="c">43 cm.</subfield></datafield><datafield ind1=" " ind2=" " tag="310"><subfield code="a">Irregular</subfield></datafield><datafield ind1=" " ind2=" " tag="530"><subfield code="a">Also issued on microfilm by University of California, Los Angeles.</subfield></datafield><datafield ind1=" " ind2=" " tag="588"><subfield code="a">Description based on: May 1991; title from cover.</subfield></datafield><datafield ind1="2" ind2="0" tag="610"><subfield code="a">University of California, Los Angeles</subfield><subfield code="x">Students</subfield><subfield code="v">Periodicals.</subfield></datafield><datafield ind1="2" ind2="7" tag="610"><subfield code="a">University of California, Los Angeles.</subfield><subfield code="2">fast</subfield><subfield code="0">(OCoLC)fst00532076</subfield></datafield><datafield ind1=" " ind2="0" tag="650"><subfield code="a">Jews</subfield><subfield code="v">Periodicals.</subfield></datafield><datafield ind1=" " ind2="7" tag="650"><subfield code="a">Jews.</subfield><subfield code="2">fast</subfield><subfield code="0">(OCoLC)fst00983135</subfield></datafield><datafield ind1=" " ind2="7" tag="650"><subfield code="a">Students.</subfield><subfield code="2">fast</subfield><subfield code="0">(OCoLC)fst01136041</subfield></datafield><datafield ind1=" " ind2="7" tag="655"><subfield code="a">Periodicals.</subfield><subfield code="2">fast</subfield><subfield code="0">(OCoLC)fst01411641</subfield></datafield><datafield ind1="1" ind2=" " tag="776"><subfield code="c">Microfilm</subfield><subfield code="d">University of California, Los Angeles</subfield><subfield code="w">(DLC)sn 99017884</subfield><subfield code="w">(OCoLC)41488081</subfield></datafield><datafield ind1=" " ind2=" " tag="850"><subfield code="a">CLU</subfield></datafield></record>